@inproceedings{a778431,
    author = {Lesaffre, Micheline and Leman, Marc and Martens, Jean-Pierre},
    booktitle = {Dagstuhl Seminar Proceedings},
    editor = {Crawford, T. and Veltkamp, R.C.},
    issn = {1862-4405},
    language = {eng},
    location = {Dagstuhl, Germany},
    pages = {1--11},
    publisher = {Internationales Begegnungs- und Forschungszentrum fur Informatik (IBFI), Schloss},
    title = {A user-oriented approach to music information retrieval},
    url = {http://drops.dagstuhl.de/vollt/},
    year = {2006},
}
